<?xml version="1.0" encoding="UTF-8"?><collection xmlns="http://www.loc.gov/MARC21/slim"><record><leader>00368nam--2200133-i-4500</leader><controlfield tag="001">000042307</controlfield><controlfield tag="002">20161230</controlfield><controlfield tag="005">20161230201043</controlfield><controlfield tag="008">060222s1000------------r-----000-0-eng-d</controlfield><datafield ind1=" " ind2=" " tag="080"><subfield code="a">537.32</subfield></datafield><datafield ind1=" " ind2=" " tag="100"><subfield code="a">Soubbaramayer</subfield></datafield><datafield ind1=" " ind2=" " tag="245"><subfield code="a">Lois de l`ecoulement des gaz a travers les milieux poreux</subfield></datafield><datafield ind1=" " ind2=" " tag="260"><subfield code="a">Saclay,Commissariat A L`Energie Atomique, 1967. 42 P</subfield></datafield><datafield ind1=" " ind2=" " tag="852"><subfield code="a">D.1021</subfield></datafield></record></collection>